%% This BibTeX bibliography file was created using BibDesk.
%% http://bibdesk.sourceforge.net/


%% Created for Olivier Commowick at 2008-06-16 21:02:37 -0400 


%% Saved with string encoding Western (Windows Latin 1) 

@book{Badrignans2011,
	author = {Badrignans, Benoît and Danger, Jean-Luc and Fischer, Viktor and Gogniat, Guy and Torres, Lionel},
	doi = {10.1007/978-94-007-1338-3},
	isbn = {9789400713376},
	publisher = {Springer},
	title = {{Security Trends for FPGAS}},
	year = {2011}
}
@article{Bloom1970,
	author = {Bloom, Burton H.},
	doi = {10.1145/362686.362692},
	issn = {00010782},
	journal = {ACM TECS (Transactions on Embedded Computing Systems)},
	keywords = {and phrases,hash addressing,hash coding,retrieval efficiency,retrieval trade-offs,scatter storage,searching,storage,storage layout},
	month = jul,
	number = {7},
	pages = {422--426},
	title = {{Space/time trade-offs in hash coding with allowable errors}},
	volume = {13},
	year = {1970}
}
@article{Chang2009,
	author = {Chang, N.Y.-C. and Liao, Y.-Z. and Chang, T.-S.},
	doi = {10.1049/iet-cdt.2008.0097},
	issn = {17518601},
	journal = {IET Computers \& Digital Techniques},
	number = {4},
	pages = {373--383},
	title = {{Analysis of shared-link AXI}},
	volume = {3},
	month = nov,
	year = {2009}
}
@inproceedings{Chaves2006,
	address = {Yokohama, Japon},
	author = {Chaves, Ricardo and Kuzmanov, Georgi and Sousa, Leonel and Vassiliadis, Stamatis},
	booktitle = {CHES (Workshop on Cryptographic Hardware and Embedded Systems)},
	pages = {1--15},
	publisher = {IACR},
	title = {{Improving SHA-2 hardware implementations}},
	url = {http://www.springerlink.com/index/72565w3760413535.pdf},
	month = oct,
	year = {2006}
}
@inproceedings{Coburn2005,
	address = {San Francisco, CA, Etats-Unis},
	author = {Coburn, Joel and Ravi, Srivaths and Raghunathan, Anand and Chakradhar, Srimat},
	booktitle = {CASES (International Conference on Compilers Architecture and Synthesis for Embedded Systems)},
	doi = {10.1145/1086297.1086308},
	isbn = {159593149X},
	pages = {78--89},
	publisher = {IEEE},
	title = {{SECA: Security-Enhanced Communication Architecture}},
	month = sep,
	year = {2005}
}
@inproceedings{Cotret2010,
	address = {Bordeaux, France},
	author = {Cotret, Pascal and Crenne, Jérémie and Gogniat, Guy},
	booktitle = {MajecSTIC (MAnifestation des JEunes Chercheurs en Sciences et Technologies de l'Information et de la Communication)},
	pages = {163--170},
	title = {{Sécurisation des communications dans une architecture multiprocesseur}},
	month = oct,
	year = {2010}
}
@inproceedings{Cotret2012,
	address = {Toronto, ON, Canada},
	author = {Cotret, Pascal and Crenne, Jérémie and Gogniat, Guy and Diguet, Jean-Philippe},
	booktitle = {FCCM (20th Annual IEEE International Symposium on Field-Programmable Custom Computing Machines)},
	doi = {10.1109/FCCM.2012.42},
	isbn = {9780769546995},
	publisher = {IEEE},
	title = {{Bus-based MPSoC security through communication protection: A latency-efficient alternative}},
	month = may,
	year = {2012}
}
@inproceedings{Cotret2011,
	address = {Anchorage, AK, Etats-Unis},
	author = {Cotret, Pascal and Crenne, Jérémie and Gogniat, Guy and Diguet, Jean-Philippe and Gaspar, Lubos and Duc, Guillaume},
	booktitle = {RAW (18th Reconfigurable Architectures Workshop)},
	doi = {10.1109/IPDPS.2011.158},
	isbn = {978-1-61284-425-1},
	month = may,
	pages = {326--329},
	publisher = {IEEE},
	title = {{Distributed security for communications and memories in a multiprocessor architecture}},
	year = {2011}
}
@inproceedings{Cotret2012a,
	address = {York, Angleterre},
	author = {Cotret, Pascal and Devic, Florian and Gogniat, Guy and Badrignans, Benoît and Torres, Lionel},
	booktitle = {ReCoSoC (7th International Workshop on Reconfigurable Communication-centric Systems-on-Chip)},
	publisher = {IEEE},
	title = {{Security enhancements for FPGA-based MPSoCs : a boot-to-runtime protection flow for an embedded Linux-based system}},
	month = jul,
	year = {2012}
}
@inproceedings{Cotret2012b,
	address = {Oslo, Norvège},
	author = {Cotret, Pascal and Gogniat, Guy and Diguet, Jean-Philippe and Crenne, Jérémie},
	booktitle = {FPL (International Conference on Field Programmable Logic and Applications)},
	title = {{Lightweight reconfiguration security services for AXI-based MPSoCs}},
	month = aug,
	year = {2012}
}
@inproceedings{Crenne2011,
	author = {Crenne, Jérémie and Cotret, Pascal and Gogniat, Guy and Tessier, Russell and Diguet, Jean-Philippe},
	booktitle = {FPT (International Conference on Field-Programmable Technology)},
	doi = {10.1109/FPT.2011.6132722},
	address = {New Delhi, Inde},
	isbn = {978-1-4577-1740-6},
	month = dec,
	pages = {1--6},
	publisher = {IEEE},
	title = {{Efficient key-dependent message authentication in reconfigurable hardware}},
	year = {2011}
}
@article{Crenne2011a,
	author = {Crenne, Jérémie and Vaslin, Romain and Gogniat, Guy and Diguet, Jean-Philippe},
	journal = {ACM TECS (Transactions on Embedded Computing Systems)},
	number = {0},
	pages = {1--26},
	title = {{Configurable Memory Security In Embedded Systems}},
	volume = {V},
	month = sep,
	year = {2011}
}
@article{Dagon2004,
	author = {Dagon, David and Martin, Tom and Starner, Thad},
	journal = {IEEE Pervasive Computing},
	pages = {11--15},
	title = {{Mobile Phones as Computing Devices: The Viruses are Coming!}},
	month = dec,
	year = {2004}
}
@inproceedings{Devic2011,
	address = {Anchorage, AK, Etats-Unis},
	author = {Devic, Florian and Torres, Lionel and Badrignans, Benoît},
	booktitle = {RAW (18th Reconfigurable Architectures Workshop)},
	doi = {10.1109/IPDPS.2011.141},
	isbn = {978-1-61284-425-1},
	month = may,
	pages = {189--195},
	publisher = {IEEE},
	title = {{Securing Boot of an Embedded Linux on FPGA}},
	year = {2011}
}
@inproceedings{Devic2010,
	address = {Milan, Italie},
	author = {Devic, Florian and Torres, Lionel and Badrignans, Benoît},
	booktitle = {FPL (International Conference on Field Programmable Logic and Applications)},
	doi = {10.1109/FPL.2010.44},
	isbn = {978-1-4244-7842-2},
	month = aug,
	pages = {179--182},
	publisher = {IEEE},
	title = {{Secure protocol implementation for remote bitstream update preventing replay attacks on FPGA}},
	year = {2010}
}
@inproceedings{Diguet2007,
	address = {Princeton, NJ, Etats-Unis},
	author = {Diguet, Jean-Philippe and Evain, Samuel and Vaslin, Romain and Gogniat, Guy and Juin, Emmanuel},
	booktitle = {NOCS (International Symposium on Networks-on-Chip)},
	doi = {10.1109/NOCS.2007.32},
	isbn = {0-7695-2773-6},
	month = may,
	pages = {223--232},
	publisher = {IEEE},
	title = {{NOC-centric Security of Reconfigurable SoC}},
	year = {2007}
}
@techreport{Drimer2008,
	address = {Cambridge, Royaume-Uni},
	author = {Drimer, Saar},
	institution = {University of Cambridge},
	pages = {1--51},
	title = {Volatile FPGA design security - A survey},
	month = apr,
	year = {2008}
}
@inproceedings{Elbaz2005,
	address = {Münich, Allemagne},
	author = {Elbaz, Reouven and Torres, Lionel and Sassatelli, Gilles and Guillemin, Pierre and Anguille, Claude and Buatois, Christian and Rigaud, Jean-Baptiste},
	booktitle = {DATE (Design, Automation and Test in Europe Conference and Exhibition)},
	doi = {10.1109/DATE.2005.170},
	pages = {40--45},
	title = {{Hardware Engines for Bus Encryption: a Survey of Existing Techniques}},
	month = mar,
	year = {2005}
}
@inproceedings{Elbaz2006a,
	address = {Montpellier, France},
	author = {Elbaz, Reouven and Torres, Lionel and Sassatelli, Gilles and Guillemin, Pierre and Bardouillet, Michel and Martinez, Albert},
	booktitle = {PATMOS (Power And Timing Modeling, Optimization and Simulation)},
	doi = {10.1007/11847083\_26},
	pages = {267--279},
	publisher = {Springer},
	title = {{A Comparison of Two Approaches Providing Data Encryption and Authentication on a Processor Memory Bus}},
	month = sep,
	year = {2006}
}
@inproceedings{Elbaz2006,
	address = {San Francisco, CA, Etats-Unis},
	author = {Elbaz, Reouven and Torres, Lionel and Sassatelli, Gilles and Guillemin, Pierre and Bardouillet, Michel and Martinez, Albert},
	booktitle = {DAC (Design Automation Conference)},
	doi = {10.1109/DAC.2006.229264},
	isbn = {1595933816},
	pages = {506--509},
	publisher = {IEEE},
	title = {{A Parallelized Way to Provide Data Encryption and Integrity Checking on a Processor-Memory Bus}},
	month = jul,
	year = {2006}
}
@inproceedings{Fiorin2008a,
	address = {Miami, FL, Etats-Unis},
	author = {Fiorin, Leandro and Lukovic, Slobodan and Palermo, Gianluca},
	booktitle = {IPDPS (International Parallel and Distributed Processing Symposium)},
	doi = {10.1109/IPDPS.2008.4536514},
	isbn = {978-1-4244-1693-6},
	issn = {1530-2075},
	month = apr,
	pages = {1--8},
	publisher = {IEEE},
	title = {{Implementation of a Reconfigurable Data Protection Module for NoC-based MPSoCs}},
	year = {2008}
}
@inproceedings{Fiorin2007,
	address = {Salzbourg, Autriche},
	author = {Fiorin, Leandro and Palermo, Gianluca and Lukovic, Slobodan and Silvano, Cristina},
	booktitle = {CASES (International Conference on Compilers Architecture and Synthesis for Embedded Systems)},
	doi = {10.1145/1289816.1289858},
	isbn = {9781595938244},
	pages = {167--172},
	publisher = {ACM},
	title = {{A Data Protection Unit for NoC-based Architectures}},
	month = oct,
	year = {2007}
}
@inproceedings{Fiorin2008,
	address = {Atlanta, GA, Etats-Unis},
	author = {Fiorin, Leandro and Palermo, Gianluca and Silvano, Cristina},
	booktitle = {CODES+ISSS (International Conference on Hardware/Software Codesign and system synthesis)},
	doi = {10.1145/1450135.1450180},
	isbn = {9781605584706},
	pages = {197--202},
	publisher = {ACM Press},
	title = {{A Security Monitoring service for NoCs}},
	month = oct,
	year = {2008}
}
@inproceedings{Fiorin2007a,
	address = {Lübeck, Allemagne},
	author = {Fiorin, Leandro and Silvano, Cristina and Sami, Mariagiovanna},
	booktitle = {DSD (Euromicro Conference on Digital System Design Architectures, Methods and Tools)},
	isbn = {076952978X},
	number = {7945},
	series = {0},
	pages = {7--10},
	publisher = {IEEE},
	title = {{Security Aspects in Networks-on-Chips: Overview and Proposals for Secure Implementations}},
	url = {http://ieeexplore.ieee.org/xpls/abs\_all.jsp?arnumber=4341520},
	month = aug,
	year = {2007}
}
@inproceedings{Gaj2001,
	address = {San Francisco, CA, Etats-Unis},
	author = {Gaj, Kris and Chodowice, Pawel},
	booktitle = {RSA Security Conference},
	number = {October 2000},
	series = {0},
	pages = {1--16},
	title = {{Fast implementation and fair comparison of the final candidates for Advanced Encryption Standard using Field Programmable Gate Arrays}},
	month = apr,
	year = {2001}
}
@inproceedings{Gaspar2010,
	address = {Cancùn, Mexique},
	author = {Gaspar, Lubos and Fischer, Viktor and Bernard, Florent and Bossuet, Lilian and Cotret, Pascal},
	booktitle = {ReConFig (International Conference on ReConFigurable Computing and FPGAs)},
	doi = {10.1109/ReConFig.2010.38},
	pages = {280--285},
	publisher = {IEEE},
	title = {{HCrypt: A Novel Concept of Crypto-processor with Secured Key Management}},
	month = dec,
	year = {2010}
}
@inproceedings{Gassend2003,
	address = {Anaheim, CA, Etats-Unis},
	author = {Gassend, Blaise and Clarke, Dwaine and {Van Djik}, Marten and Devadas, Srinivas and Suh, Ed},
	booktitle = {HPCA (High Performance Computer Architecture Symposium)},
	pages = {1--14},
	title = {{Caches and merkle trees for efficient memory authentication}},
	url = {http://129.69.211.95/pdf/mit/lcs/tr/MIT-LCS-TR-857.pdf},
	month = feb,
	year = {2003}
}
@article{Gogniat2008,
	author = {Gogniat, Guy and Wolf, Tilman and Burleson, Wayne and Diguet, Jean-Philippe and Bossuet, Lilian and Vaslin, Romain},
	doi = {10.1109/TVLSI.2007.912030},
	journal = {IEEE TVLSI (Transactioons on Very Large Scale Integration)},
	number = {2},
	pages = {144--155},
	title = {{Reconfigurable Hardware for High-Security/High-Performance Embedded Systems: The SAFES perspective}},
	volume = {16},
	month = feb,
	year = {2008}
}
@article{Huffmire2008,
	author = {Huffmire, Ted and Brotherton, Brett and Callegari, Nick and Valamehr, Jonathan and White, Jeff and Kastner, Ryan and Sherwood, Tim},
	doi = {10.1145/1367045.1367053},
	issn = {10844309},
	journal = {ACM TODAES (Transactions on Design Automation of Electronic Systems)},
	month = jul,
	number = {3},
	pages = {1--24},
	title = {{Designing Secure Systems on Reconfigurable Hardware}},
	volume = {13},
	year = {2008}
}
@inproceedings{Jarvinen2005,
	address = {Hawaii, Etats-Unis},
	author = {Järvinen, Kimmo and Tommiska, Matti and Skyttä, Jorma},
	booktitle = {HICSS (Hawaii International Conference on System Sciences)},
	editor = {IEEE},
	isbn = {0769522688},
	pages = {1--10},
	title = {{Hardware Implementation Analysis of the MD5 Hash Algorithm}},
	volume = {0},
	month = jan,
	year = {2005}
}
@article{Kirsch2006,
	author = {Kirsch, Adam and Mitzenmacher, Michael},
	doi = {10.1002/rsa.v33:2},
	journal = {Random Structures \& Algorithms},
	number = {2},
	pages = {456--467},
	title = {{Less Hashing , Same Performance : Building a Better Bloom Filter}},
	volume = {33},
	year = {2006}
}
@inproceedings{Kocher2004,
	address = {San Diego, CA, Etats-Unid},
	author = {Kocher, Paul and Lee, Ruby and McGraw, Gary and Raghunathan, Anand and Ravi, Srivaths},
	booktitle = {DAC (Design Automation Conference)},
	doi = {10.1145/996566.996771},
	isbn = {1581138288},
	pages = {753--760},
	publisher = {ACM Press},
	title = {{Security as a New Dimension in Embedded System Design}},
	month = jun,
	year = {2004}
}
@techreport{McGrew,
	author = {McGrew, David A and Viega, John},
	institution = {Cisco Systems},
	year = {2004},
	title = {{The Security and Performance of the Galois / Counter Mode ( GCM ) of Operation}}
}
@phdthesis{Plouviez2011,
	author = {Plouviez, Geoffrey},
	school = {Université Pierre et Marie Curie},
	title = {{Etude, spécification, vérification formelle de mécanismes de virtualisation sécurisés pour architecture many-cores}},
	year = {2011}
}
@phdthesis{Porquet2010,
	author = {Porquet, Jo\"{e}l},
	school = {Université Pierre et Marie Curie},
	title = {{Architecture de sécurité dynamique pour systèmes multiprocesseurs intégrés sur puce}},
	year = {2010}
}
@techreport{Publication2001,
	author = {Publication, Federal Information Processing Standards},
	pages = {1--51},
	institution = {FIPS},
	title = {{Advanced Encryption Standard (AES)}},
	year = {2001}
}
@article{Ravi2004,
	author = {Ravi, Srivaths and Raghunathan, Anand and Kocher, Paul and Hattangady, Sunil},
	doi = {10.1145/1015047.1015049},
	journal = {ACM TECS (Transactions on Embedded Computing Systems)},
	number = {3},
	pages = {461--491},
	title = {{Security in embedded systems: Design challenges}},
	volume = {3},
	month = aug,
	year = {2004}
}
@inproceedings{Vaslin2008,
	address = {Taipei, Taiwan},
	author = {Vaslin, Romain and Gogniat, Guy and Diguet, Jean-Philippe and Tessier, Russell and Unnikrishnan, Deepak and Gaj, Kris},
	booktitle = {FPT (International Conference on Field-Programmable Technology)},
	doi = {10.1109/FPT.2008.4762378},
	isbn = {978-1-4244-2795-6},
	month = dec,
	pages = {153--160},
	publisher = {IEEE},
	title = {{Memory Security Management for Reconfigurable Embedded Systems}},
	year = {2008}
}
@techreport{Xilinx2011a,
	author = {ARM},
	institution = {ARM},
	pages = {1},
	title = {{AMBA AXI and ACE Protocol Specification AXI3, AXI4, and AXI4-Lite, ACE and ACE-Lite}},
	volume = {1},
	year = {2012}
}
@techreport{Xilinx2011a32,
	author = {Xilinx},
	institution = {Xilinx Corporation},
	pages = {82},
	title = {{AXI Reference Guide}},
	volume = {761},
	year = {2011}
}
@techreport{Xilinx2011,
	author = {Xilinx},
	institution = {Xilinx corporation},
	pages = {184},
	title = {{Virtex-6 FPGA Configuration User Guide (UG360)}},
	volume = {360},
	year = {2011}
}
@inproceedings{Xu2008,
	address = {Chengdu, Chine},
	author = {Xu, Yan-Ling and Pan, Wei and Zhang, Xin-Guo},
	booktitle = {ICESS (International Conference on Embedded Software and Systems)},
	doi = {10.1109/ICESS.2008.59},
	isbn = {978-0-7695-3287-5},
	pages = {136--141},
	publisher = {IEEE},
	title = {{Design and Implementation of Secure Embedded Systems Based on TrustZone}},
	month = jul,
	year = {2008}
}

@manual{V6_overview,
	author = {Xilinx},
	title = {Virtex-6 Family Overview},
	year = {2012},
	month = jan,
	note   = "Disponible à l'adresse : \url{http://www.xilinx.com/support/documentation/data_sheets/ds150.pdf}"
}
@manual{ug363,
	author = {Xilinx},
	title = {Virtex-6 FPGA Memory Resources},
	year = {2011},
	month = apr,
	note   = "Disponible à l'adresse : \url{http://www.xilinx.com/support/documentation/user_guides/ug363.pdf}"
}
@manual{ug406,
	author = {Xilinx},
	title = {Virtex-6 FPGA Memory Interface Solutions - User Guide},
	year = {2011},
	month = mar,
	note   = "Disponible à l'adresse : \url{http://www.xilinx.com/support/documentation/ip_documentation/ug406.pdf}"
}
@manual{zynq,
	author = {Xilinx},
	title = {Zynq-700 EPP overview},
	year = {2012},
	month = jun,
	note   = "Disponible à l'adresse : \url{http://www.xilinx.com/support/documentation/data_sheets/ds190-Zynq-7000-Overview.pdf}"
}
@manual{oslib,
	author = {Xilinx},
	title = {OS and Libraries Document Collection},
	year = {2012},
	month = jul,
	note   = "Disponible à l'adresse : \url{http://www.xilinx.com/support/documentation/sw_manuals/xilinx14_2/oslib_rm.pdf}"
}
@manual{microblaze,
	author = {Xilinx},
	title = {MicroBlaze Processor Reference Guide - Embedded Development Kit EDK 14.2},
	year = {2012},
	month = jul,
	note   = "Disponible à l'adresse : \url{www.xilinx.com/support/documentation/sw_manuals/xilinx14_2/mb_ref_guide.pdf}"
}
@article{Poletti2003,
	author = {Poletti, Francesco and Bertozzi, Davide and Benini, Luca and Bogliolo, Alessandro},
	journal = {DAES (Design Automation  for Embedded Systems)},
	number = {2},
	pages = {189--210},
	title = {{Reconfigurable Hardware for High-Security/High-Performance Embedded Systems: The SAFES perspective}},
	volume = {8},
	month = jun,
	year = {2003}
}
@article{Guilley2004,
	author = {Guilley, Sylvain and Pacalet, Renaud},
	journal = {Annale des Télécommunications)},
	number = {7--8},
	pages = {998--1009},
	title = {{SoC security: a war against side-channels}},
	volume = {59},
	month = jul,
	year = {2004}
}
@inproceedings{Nash2005,
	address = {Chengdu, Chine},
	author = {Nash, Daniel and Martin, Thomas and Ha, Dong and Hsiao, Michael},
	booktitle = {PERCOMW (Pervasive Computing and Communications Workshops)},
	doi = {10.1109/PERCOMW.2005.86},
	isbn = {0-7695-2300-5},
	pages = {141--145},
	publisher = {IEEE},
	title = {{Towards an intrusion detection system for battery exhaustion attacks on mobile computing devices }},
	month = mar,
	year = {2005}
}
@article{Peeters2007,
	author = {Peeters, Eric and Standaert, François-Xavier and Quisquater, Jean-Jacques},
	doi = {10.1016/j.vlsi.2005.12.013},
	journal = {Elsevier Integration, the VLSI Journal - Special issue: Embedded 
	cryptographic hardware},
	month = jan,
	number = {1},
	pages = {52--60},
	title = {{Power and electromagnetic analysis: improved model, consequences and comparisons}},
	volume = {40},
	year = {2007}
}
@phdthesis{Crenne2011b,
	author = {Crenne, Jérémie},
	school = {Université de Bretagne-Sud},
	title = {{Sécurité haut-débit pour les systèmes embarqués à base de FPGAs}},
	year = {2011}
}
@inproceedings{Merkle1987,
	address = {Santa Barbar, CA, Etats-Unis},
	author = {Merkle, Ralph},
	booktitle = {CRYPTO (A Conference on the Theory and Applications of Cryptographic Techniques on Advances in Cryptology )},
	isbn = {3-540-18796-0},
	pages = {369--378},
	publisher = {Springer-Verlag},
	title = {{A Digital Signature Based on a Conventional Encryption Function}},
	month = aug,
	year = {1987}
}
@article{Mitic2006,
	author = {Mitic, Milica and Stojcev, Mile},
	journal = {Facta Universatis (NIS) - Series: Electronics and Energetics},
	month = dec,
	number = {3},
	pages = {405--428},
	title = {{An Overview of On-Chip Buses}},
	volume = {19},
	year = {2006}
}
@inproceedings{Adriahantenaina2003,
	address = {Munich, Allemagne},
	author = {Adriahantenaina, Adrijean and Charlery, Hervé and Greiner Alain and Mortiez, Laurent and Albenes Zeferino, Cesar},
	booktitle = {DATE (Design, Automation and Test in Europe Conference and Exhibition)},
	doi = {10.1109/DATE.2003.10240},
	pages = {70--73},
	publisher = {IEEE},
	title = {{SPIN: a Scalable, Packet Switched, On-chip Micro-network}},
	month = mar,
	year = {2003}
} 	
@phdthesis{Evain2006,
	author = {Evain, Samuel},
	school = {Institut National des Sciences Appliquées de Rennes},
	title = {{$\mu$Spider. Environnement de Conception de Réseau sur Puce}},
	year = {2006}
}
@article{Bertozzi2004,
	author = {Bertozzi, Davide and Benini, Luca},
	journal = {IEEE Circuits and Systems Magazine},
	month = sep,
	number = {2},
	pages = {18--31},
	title = {{Xpipes: A Network-on-Chip Architecture for Gigascale Systems-on-Chip}},
	volume = {4},
	year = {2006}
}
@inproceedings{Mencer1998,
	address = {Seattle, WA, états-Unis},
	author = {Mencer, Oscar and Morf, Martin and Flynn, Michael J.},
	booktitle = {ICASSP (International Conference on Acoustics, Speech and Signal Processing)},
	doi = {10.1109/ICASSP.1998.678168},
	pages = {3045--3048},
	publisher = {IEEE},
	title = {{Hardware software tri-design of encryption for mobile communication units}},
	month = may,
	year = {1998}
} 	
@article{Sepulveda2011,
	author = {Sepulveda, Johanna and Pires, Ricardo and Gogniat, Guy and Chau, Wang Jiang and Strum, Marius},
	journal = {International Journal of Reconfigurable Computing},
	month = jan,
	number = {2012},
	pages = {1--10},
	title = {{QoSS hierarchical NoC-based architecture for MPSoC dynamic protection}},
	volume = {3},
	year = {2012}
}
@inproceedings{Sepulveda2012,
	address = {Playa del Carmen, Mexique},
	author = {Sepulveda, Johanna and Gogniat, Guy and Pedraza, Cesar and Pires, Ricardo and Chau, Wang Jiang and Strum, Marius},
	booktitle = {LASCAS (Latin American Symposium on Circuits And Systems)},
	doi = {10.1109/LASCAS.2012.6180312},
	pages = {1--4},
	publisher = {IEEE},
	title = {{Hierarchical NoC-based security for MP-SoC dynamic protection}},
	month = mar,
	year = {2012}
} 	
@inproceedings{Lie2003,
	address = {Bolton Landing, NY, états-Unis},
	author = {Lie, David and Thekkath, Chandramohan and Horowitz, Mark},
	booktitle = {SOSP (Symposium on Operating Systems Principles)},
	doi = {10.1145/945445.945463},
	pages = {178--192},
	publisher = {ACM},
	title = {{Implementing an untrusted operating system on trusted hardware}},
	month = dec,
	year = {2003}
} 	
@article{Suh2005,
	author = {Suh, Gookwon Edward},
	journal = {Information Security Technical Report},
	month = jan,
	pages = {63--73},
	title = {{AEGIS: A Single-Chip Secure Processor}},
	volume = {10},
	year = {2005}
}
